
 "\providecommand{\noopsort}[1]{}"
 # "\providecommand{\singleletter}[1]{#1}%"
}

@article{giovangigli_CTM:2011,
author = { Vincent   Giovangigli  and  Lionel   Matuszewski  and  Francis   Dupoirieux },
title = {Detailed modeling of planar transcritical H2–O2–N2 flames},
journal = {Combustion Theory and Modelling},
volume = {15},
number = {2},
pages = {141-182},
year = {2011}
}

@article{giovangigli:2012,
title = "Supercritical fluid thermodynamics from equations of state ",
journal = "Physica D: Nonlinear Phenomena ",
volume = "241",
number = "6",
pages = "649 - 670",
year = "2012",
note = "",
issn = "0167-2789",
doi = "http://doi.org/10.1016/j.physd.2011.12.002",
author = "Vincent Giovangigli and Lionel Matuszewski",
}


@ARTICLE{GillespieReview2013,
  author =       {D. Gillespie and A. Hellander and L. Petzold},
  title =        {Perspective: Stochastic algorithms for chemical kinetics},
  journal =      {J. Chem. Phys.},
  year =         {2013},
  volume =       {138},
  number =       {170901},
}

@article{Gillespie1976403,
title = "A general method for numerically simulating the stochastic time evolution of coupled chemical reactions ",
journal = "Journal of Computational Physics ",
volume = "22",
number = "4",
pages = "403 - 434",
year = "1976",
note = "",
issn = "0021-9991",
doi = "http://dx.doi.org/10.1016/0021-9991(76)90041-3",
url = "http://www.sciencedirect.com/science/article/pii/0021999176900413",
author = "Daniel T Gillespie"
}

@BOOK{NicolisPrigogine,
  author =       {G. Nicolis and I. Prigogine},
  title =        {Self-Organization in Non-Equilibrium Systems},
  publisher =    {Wiley},
  year =         {1977},
}

@ARTICLE{DonevLowMach2013,
  author =       {A. Donev and A. J. Nonaka and Y. Sun and T. Fai and A. L. Garcia and J. B. Bell},
  title =        {Low Mach Number Fluctuating Hydrodynamics of Diffusively Mixing Fluids},
  journal =      {submitted to Comm. Appl. Math and Comp. Sci.},
  year =         {2013}
}

@article{Atzberger2013B,
  title = {Dynamic implicit-solvent coarse-grained models of lipid bilayer membranes: Fluctuating hydrodynamics thermostat},
  author = {Wang, Yaohong and Sigurdsson, Jon Karl and Brandt, Erik and Atzberger, Paul J.},
  journal = {Phys. Rev. E},
  volume = {88},
  issue = {2},
  pages = {023301},
  numpages = {5},
  year = {2013},
  month = {Aug},
  doi = {10.1103/PhysRevE.88.023301},
  url = {http://link.aps.org/doi/10.1103/PhysRevE.88.023301},
  publisher = {American Physical Society}
}

@article{Atzberger2013A,
title = "Hybrid continuum-particle method for fluctuating lipid bilayer membranes with diffusing protein inclusions ",
journal = "Journal of Computational Physics ",
volume = "252",
number = "0",
pages = "65 - 85",
year = "2013",
note = "",
issn = "0021-9991",
doi = "http://dx.doi.org/10.1016/j.jcp.2013.06.016",
url = "http://www.sciencedirect.com/science/article/pii/S0021999113004403",
author = "Jon K. Sigurdsson and Frank L.H. Brown and Paul J. Atzberger",
}

@article{Espanol1998,
title = "Stochastic differential equations for non-linear hydrodynamics ",
journal = "Physica A: Statistical Mechanics and its Applications ",
volume = "248",
pages = "77 - 96",
year = "1998",
note = "",
issn = "0378-4371",
doi = "http://dx.doi.org/10.1016/S0378-4371(97)00461-5",
url = "http://www.sciencedirect.com/science/article/pii/S0378437197004615",
author = "Pep Espanol",
keywords = "Fokker-Planck equation",
keywords = "Non-linear fluctuations "
}

@BOOK{BouyancyFluidsBook,
  author =       {J.S. Turner},
  title =        {Buoyancy Effects in Fluids},
  publisher =    {Cambridge Univ. Press},
  year =         {1979},
}


@ARTICLE{MultispeciesDiffusionInstability,
  author =       {P. M. J. Trevelyan and C. Almarcha and A. De Wit},
  title =        {Buoyancy-driven instabilities of miscible two-layer stratifications in porous media and Hele-Shaw cells},
  journal =      {Journal of Fluid Mechanics},
  year =         {2011},
  volume =       {670},
  pages =        {38-65},
}

@article{DiffusionRenormalization,
  author={Aleksandar Donev and John B Bell and Anton de la Fuente and Alejandro L Garcia},
  title={Enhancement of diffusive transport by non-equilibrium thermal fluctuations},
  journal={Journal of Statistical Mechanics: Theory and Experiment},
  volume={2011},
  number={06},
  pages={P06014},
  url={http://stacks.iop.org/1742-5468/2011/i=06/a=P06014},
  year={2011},
}

@article{GiantFluctuations_Universal,
  title = {Universal behavior of nonequilibrium fluctuations in free diffusion processes},
  author = {Brogioli, Doriano and Vailati, Alberto and Giglio, Marzio},
  journal = {Phys. Rev. E},
  volume = {61},
  issue = {1},
  pages = {R1--R4},
  year = {2000},
  month = {Jan},
  doi = {10.1103/PhysRevE.61.R1},
  url = {http://link.aps.org/doi/10.1103/PhysRevE.61.R1},
  publisher = {American Physical Society}
}

@article{SoretDiffusion_Croccolo,
author = {F. Croccolo and H. Bataller and F. Scheffold},
collaboration = {},
title = {A light scattering study of non equilibrium fluctuations in liquid mixtures to measure the Soret and mass diffusion coefficient},
publisher = {AIP},
year = {2012},
journal = {The Journal of Chemical Physics},
volume = {137},
number = {23},
eid = {234202},
numpages = {7},
pages = {234202},
keywords = {light scattering; liquid mixtures; thermal diffusion},
url = {http://link.aip.org/link/?JCP/137/234202/1},
doi = {10.1063/1.4771872}
}

@BOOK{GardinerBook,
  author =       {C.W. Gardiner},
  title =        {Handbook of stochastic methods: for physics, chemistry, and the natural sciences},
  publisher =    {Springer},
  year =         {2009},
  edition =      {Fourth},
}


@article{GiantFluctFiniteEffects,
  title = {Long-wavelength nonequilibrium concentration fluctuations induced by the Soret effect},
  author = {Ortiz de Z\'arate, Jos\'e Mar\'\ia and Forn\'es, Jos\'e Antonio and Sengers, Jan V.},
  journal = {Phys. Rev. E},
  volume = {74},
  issue = {4},
  pages = {046305},
  numpages = {11},
  year = {2006},
  month = {Oct},
  doi = {10.1103/PhysRevE.74.046305},
  url = {http://link.aps.org/doi/10.1103/PhysRevE.74.046305},
  publisher = {American Physical Society}
}

@article{Balboa2012,
author = {Balboa Usabiaga, F. and Bell, J.B. and Delgado-Buscalioni, R. and Donev, A. and Fai, T.G. and Griffith, B.E. and Peskin, C.},
title = {Staggered Schemes for Fluctuating Hydrodynamics},
journal = {Multiscale Modeling \& Simulation},
volume = {10},
number = {4},
pages = {1369-1408},
year = {2012},
}


@BOOK{NewIrrevThermoBook,
  author =       {Gerard D. C. Kuiken},
  title =        {Thermodynamics of Irreversible Processes: Applications to Diffusion and Rheology},
  publisher =    {Wiley},
  year =         {1994},
}


@article{PhysRevE.86.056711,
  title = {Hydrodynamic correlations in multiparticle collision dynamics fluids},
  author = {Huang, Chien-Cheng and Gompper, Gerhard and Winkler, Roland G.},
  journal = {Phys. Rev. E},
  volume = {86},
  issue = {5},
  pages = {056711},
  numpages = {10},
  year = {2012},
  month = {Nov},
  doi = {10.1103/PhysRevE.86.056711},
  url = {http://link.aps.org/doi/10.1103/PhysRevE.86.056711},
  publisher = {American Physical Society}
}

@article {DuncanToor,
author = {Duncan, J. B. and Toor, H. L.},
title = {An experimental study of three component gas diffusion},
journal = {AIChE Journal},
volume = {8},
number = {1},
publisher = {American Institute of Chemical Engineers},
pages = {38--41},
year = {1962}
}

@article{TemporalIntegratorsPaper2013,
  title = {Temporal integrators for fluctuating hydrodynamics},
  author = {Delong, Steven and Griffith, Boyce E. and Vanden-Eijnden, Eric and Donev, Aleksandar},
  journal = {Phys. Rev. E},
  volume = {87},
  issue = {3},
  pages = {033302},
  numpages = {22},
  year = {2013},
  month = {Mar},
  doi = {10.1103/PhysRevE.87.033302},
  url = {http://link.aps.org/doi/10.1103/PhysRevE.87.033302},
  publisher = {American Physical Society}
}

@article{PhysRevE.83.015401,
  title = {Extent of validity of the hydrodynamic description of ions in dense plasmas},
  author = {Mithen, James P. and Daligault, J\'er\^ome and Gregori, Gianluca},
  journal = {Phys. Rev. E},
  volume = {83},
  issue = {1},
  pages = {015401},
  numpages = {4},
  year = {2011},
  month = {Jan},
  doi = {10.1103/PhysRevE.83.015401},
  url = {http://link.aps.org/doi/10.1103/PhysRevE.83.015401},
  publisher = {American Physical Society}
}

@article{Ikoma20112601,
title = "Fluctuating hydrodynamics for a rarefied gas based on extended thermodynamics",
journal = "Physics Letters A",
volume = "375",
number = "27",
pages = "2601 - 2605",
year = "2011",
note = "",
issn = "0375-9601",
doi = "10.1016/j.physleta.2011.05.057",
url = "http://www.sciencedirect.com/science/article/pii/S0375960111006669",
author = "Akiyuki Ikoma and Takashi Arima and Shigeru Taniguchi and Nanrong Zhao and Masaru Sugiyama",
}

@BOOK{Zarate_07,
  AUTHOR =       {J. M. Ortiz de Zarate and J. V. Sengers },
  TITLE =        {Hydrodynamic Fluctuations in Fluids and Fluid Mixtures},
  PUBLISHER =    {Elsevier Science},
  YEAR =         {2007},
}

@ARTICLE{Law_89,
  AUTHOR =       {B.M. Law and J.C. Nieuwoudt},
  TITLE =        {Noncritical liquid mixtures far from equilibrium: The Rayleigh line},
  JOURNAL =      {Phys. Rev. A},
  YEAR =         {1989},
  volume =       {40},
  number =       {7},
  pages =        {3880-3885},
}

@ARTICLE{Nieuwoudt_90,
  AUTHOR =       {J.C. Nieuwoudt and B.M. Law},
  TITLE =        {Theory of light scattering by a nonequilibrium binary mixture},
  JOURNAL =      {Phys. Rev. A},
  YEAR =         {1989},
  volume =       {42},
  number =       {4},
  pages =        {2003-2014},
}

@BOOK{BirdStewartLightfoot_06,
   author       = {R.B. Bird and W. Stewart and E. Lightfoot},
   year         = 2006,
   title        = {Transport Phenomena},
   publisher    = {John Wiley and Sons}
}

@BOOK{Giovangigli_99,
   author       = {V. Giovangigli},
   year         = 1999,
   title        = {Multicomponent Flow Modeling},
   publisher    = {Birkhauser Boston}
}

@BOOK{Drikakis_05,
   author       = {D. Drikakis and W. Rider},
   year         = 2005,
   title        = {High-Resolution Methods for Incompressible and Low-Speed Flows},
   publisher    = {Springer-Verlag Berlin Heidelberg}
}

@ARTICLE{Gillespie_00,
   author       = "D. T. Gillespie",
   year         = "2000",
   title        =  "The chemical Langevin equation",
   journal      = "J. Chem. Phys.",
   volume       = "113",
   number       = "1",
   pages        = "297",
}


@ARTICLE{Gillespie_01,
   author       = "D. T. Gillespie",
   year         = "2001",
   title        = "Approximate accelerated stochastic simulation of chemically reacting systems",
   journal      = "J. Chem. Phys.",
   volume       = "115",
   number       = "4",
   pages        = "1716",
}

@ARTICLE{Salis_05,
   author       = "H. Salis and Y. Kaznessis",
   year         = "2005",
   title        = "Accurate hybrid stochastic simulation of a system of coupled chemical or biological reactions",
   journal      = "J. Chem. Phys.",
   volume       = "122",
   pages        = "54103",
}

@ARTICLE{Sotiropoulos_09,
   author       = "V. Sotiropoulos and M-N Contou-Carrere and P. Daoutidis and Y. N. Kaznessis",
   year         = "2009",
   title        = "Model reduction of multiscale chemical Langevin equations: a numerical case study",
   journal      = "IEEE/ACM Transactions on Computational Biology and Bioinformatics",
   volume       = "6",
   number       = "3",
   pages        = "470",
}


@BOOK{HCB_54,
   author       = {J. O. Hirschfelder and C. F. Curtiss and R. Byron Bird},
   year         = 1954,
   title        = {Molecular Theory of Gases and Liquids},
   publisher    = {John Wiley and Sons, INC., New York}
}

@BOOK{DM_63,
   author       = {S. R. DeGroot and P. Mazur},
   year         = 1963,
   title        = {Non-Equilibrium Thermodynamics},
   publisher    = {North-Holland Publishing Company, Amsterdam}
}

@BOOK{Waldmann_58,
   author       = {L. Waldmann},
   year         = 1958,
   title        = {Transporterscheinungen in Gasen von mittlerem Druck, Handbuch der Physik XII},
   publisher    = {Springer Verlag, Berlin, Gottingen, Heidelberg}
}


@ARTICLE{Valk_63,
   author       = "V. D. Valk",
   year         = "1963",
   title        = "Thermal diffusion in ternary mixtures I. Theory",
   journal      = "Physica",
   volume       = "29",
   pages        = "417",
}

@BOOK{EGLIB,
   author       = {A. Ern and V. Giovangigli},
   year         = 2004,
   title        = {EGLIB: A general-purpose Fortran library for multicomponent transport property evaluation, Version 3.4}
}

@ARTICLE{Bell_07,
   author       = "J. B. Bell and A. L. Garcia and S. A. Williams",
   year         = "2007",
   title        = "Numerical methods for the stochastic Landau-Lifshitz Navier-Stokes equations",
   journal      = "Phys. Rev. E",
   volume       = "76",
   pages        = "016708",
}

@ARTICLE{Bell_10,
   author       = "J. B. Bell and A. L. Garcia and S. A. Williams",
   year         = "2010",
   title        = "Computational fluctuating fluid dynamics",
   journal      = "ESAIM: Mathematical Modelling and Numerical Analysis",
   volume       = "44",
   pages        = "1085",
}

@BOOK{Poinsot_01,
   author       = {T. Poinsot and D. Veynante},
   year         = 2001,
   title        = {Theoretical and Numerical Combustion},
   publisher    = {R.T. Edwards, Inc.}
}

@ARTICLE{Garcia_06,
   author       = "A. L. Garcia",
   year         = "2006",
   title        = "Estimating hydrodynamic quantities in the presence of microscopic fluctuations",
   journal      = "Comm. App. Math. \& Comp. Sci.",
   volume       = "1",
   number       = "1",
   pages        = "53",
}


@ARTICLE{Turing_52,
   author       = "A. M. Turing",
   year         = "1952",
   title        = "The chemical basis of morphogenesis",
   journal      = "Phil. Trans. R. Soc. Lond. B",
   volume       = "237",
   pages        = "37",
}

@ARTICLE{Nicolis_71,
   author       = "G. Nicolis and I. Prigogine",
   year         = "1971",
   title        = "Fluctuations in nonequilibrium systems",
   journal      = "Proc. Natl. Acad. Sci. USA",
   volume       = "68",
   number       = "9",
   pages        = "2102",
}

@BOOK{Nicolis_77,
   author       = {G. Nicolis and I. Prigogine},
   year         = 1977,
   title        = {Self-Organization in Nonequilibrium Systems},
   publisher    = {John Wiley \& Sons}
}

@ARTICLE{Biancalani_10,
   author       = "T. Biancalani and D. Fanelli and F. D. Patti",
   year         = "2010",
   title        = "Stochastic Turing patterns in the Brusselator model",
   journal      = "Phys. Rev. E",
   volume       = "81",
   pages        = "046215",
}

@ARTICLE{Butler_11,
   author       = "T. Butler and N. Goldenfeld",
   year         = "2011",
   title        = "Fluctuation-driven Turing patterns",
   journal      = "Phys. Rev. E",
   volume       = "84",
   pages        = "011112",
}


@ARTICLE{Vailati_97,
   author       = "A. Vailati and M. Giglio",
   year         = "1997",
   title        = "Giant fluctuations in a free diffusion process",
   journal      = "Nature",
   volume       = "390",
   pages        = "262",
}

@ARTICLE{Vailati_98,
   author       = "A. Vailati and M. Giglio",
   year         = "1998",
   title        = "Nonequilibrium fluctuations in time-dependent diffusion processes",
   journal      = "Phys. Rev. E",
   volume       = "58",
   number       = "4",
   pages        = "4361",
}


@ARTICLE{Vailati_11,
   author       = "A. Vailati and R. Cerbino and S. Mazzoni and C. J. Takacs and D. S. Cannell and M. Giglio",
   year         = "2011",
   title        = "Fractal fronts of diffusion in microgravity",
   journal      = "Nature Communications",
   volume       = "2",
   pages        = "290",
}


@ARTICLE{Colella_84,
   author       = "P. Colella and P. R. Woodward",
   year         = "1984",
   title        = "Piecewise parabolic method (PPM) for gas-dynamical simulations",
   journal      = "J. Comput. Phys.",
   volume       = "54",
   number       = "1",
   pages        = "174",
}


@ARTICLE{Donev_10,
   author       = "A. Donev and E. Vanden-Eijnden and A. L. Garcia and J. B. Bell",
   year         = "2010",
   title        = "On the accuracy of finite-volume schemes for fluctuating hydrodynamics",
   journal      = "Comm. Appl. Math and Comp. Sci.",
   volume       = "5",
   number       = "2",
   pages        = "149",
}


@ARTICLE{Cohen_71,
   author       = "C. Cohen and J. W. H. Sutherland and J. M. Deutch",
   year         = "1971",
   title        = "Hydrodynamic correlation functions for binary mixtures",
   journal      = "Phys. and Chem. of Liquids",
   volume       = "2",
   pages        = "213",
}

@ARTICLE{Kadau_04,
   author       = "K. Kadau and T. C. Germann and N. G. Hadjiconstantinou and P. S. Lomdahl and G. Dimonte and B. L. Holian and B. J. Alder",
   year         = "2004",
   title        = "Nanohydrodynamics simulations: an atomistic view of the Rayleigh-Taylor instability",
   journal      = "Proc. Natl. Acad. Sci.",
   volume       = "101",
   number       = "16",
   pages        = "5851",
}

@ARTICLE{Kadau_07,
   author       = "K. Kadau and C. Rosenblatt and J. L. Barber and T. C. Germann and Z. Huang and P. Carles and B. J. Alder",
   year         = "2007",
   title        = "The importance of fluctuations in fluid mixing",
   journal      = "Proc. Natl. Acad. Sci.",
   volume       = "104",
   number       = "19",
   pages        = "7741",
}

@ARTICLE{Garcia_87,
   author       = "A. L. Garcia and M. M. Mansour and G. C. Lie and E. Clementi",
   year         = "1987",
   title        = "Numerical integration of the fluctuating hydrodynamic equations",
   journal      = "J. Stat. Phys.",
   volume       = "47",
   number       = "1/2",
   pages        = "209",
}

@ARTICLE{Garcia_87a,
   author       = "M. M. Mansour and A. L. Garcia and G. C. Lie and E. Clementi",
   year         = "1987",
   title        = "Fluctuating hydrodynamics in a dilute gas",
   journal      = "Phys. Rev. Lett.",
   volume       = "58",
   number       = "9",
   pages        = "874",
}

@ARTICLE{Fox_70,
   author       = "R. F. Fox and G. E. Uhlenbeck",
   year         = "1970",
   title        = "Contributions to non-equilibrium thermodynamics. I. Theory of hydrodynamical fluctuations",
   journal      = "The Phys. of Fluids",
   volume       = "13",
   number       = "8",
   pages        = "1893",
}

@ARTICLE{Fox_70a,
   author       = "R. F. Fox and G. E. Uhlenbeck",
   year         = "1970",
   title        = "Contributions to non-equilibrium thermodynamics. II. Fluctuation theory for the Boltzmann equation",
   journal      = "The Phys. of Fluids",
   volume       = "13",
   number       = "12",
   pages        = "2881",
}

@ARTICLE{Donev_11,
   author       = "A. Donev and J. B. Bell and A. de la Fuente and A. L. Garcia",
   year         = "2011",
   title        = "Diffusive transport by thermal velocity fluctuations",
   journal      = "Phys. Rev. Lett.",
   volume       = "106",
   pages        = "204501",
}

@ARTICLE{Yuk_12,
   author       = "J. M. Yuk and J. Park and P. Ercius and K. Kim and D. J. Hellebusch and M. F. Crommie and J. Y. Lee and A. Zettl and A. P. Alivisatos",
   year         = "2012",
   title        = "High-resolution EM of colloidal nanocrystal growth using graphene liquid cells",
   journal      = "Science",
   volume       = "336",
   pages        = "61",
}

@BOOK{Landau_59,
   author       = {L. D. Landau and E. M. Lifshitz},
   year         = 1959,
   title        = {Fluid Mechanics, Course of Theoretical Physics, Vol. 6},
   publisher    = {Pergamon Press}
}

@BOOK{Landau_80,
  AUTHOR =       {L.D. Landau and E.M. Lifshitz},
  TITLE =        {Statistical Physics},
  PUBLISHER =    {Pergamon},
  YEAR =         {1980},
  volume =       {5},
  series =       {Course of Theoretical Physics},
  edition =      {Third Ed., Part 1},
}

@BOOK{Bird_76,
   author       = {G. A. Bird},
   year         = 1976,
   title        = {Molecular Gas Dynamics},
   publisher    = {Claredon, Oxford}
}

@ARTICLE{Astumian_97,
   author       = "R. D. Astumian",
   year         = "1997",
   title        = "Thermodynamics and kinetics of a Brownian motor",
   journal      = "Science",
   volume       = "276",
   number       = "5314",
   pages        = "917",
}

@ARTICLE{Broeck_04,
   author       = "C. van den Broeck and R. Kawai and P. Meurs",
   year         = "2004",
   title        = "Microscopic analysis of a thermal Brownian motor",
   journal      = "Phys. Rev. Lett.",
   volume       = "93",
   pages        = "090601",
}


@ARTICLE{Craighead_00,
   author       = "H. G. Craighead",
   year         = "2000",
   journal      = "Science",
   volume       = "290",
   pages        = "1532",
}

@ARTICLE{Oudenaarden_99,
   author       = "A. van Oudenaarden and S. G. Boxer",
   year         = "1999",
   journal      = "Science",
   volume       = "285",
   pages        = "1046",
}

@ARTICLE{Moseler_00,
   author       = "M. Moseler and U. Landman",
   year         = "2000",
   journal      = "Science",
   volume       = "289",
   pages        = "1165",
}

@ARTICLE{Eggers_02,
   author       = "J. Eggers",
   year         = "2002",
   journal      = "Phys. Rev. Lett.",
   volume       = "89",
   pages        = "084502",
}

@ARTICLE{Nowakowski_03,
   author       = "B. Nowakowski and A. Lemarchand",
   year         = "2003",
   journal      = "Phys. Rev. E",
   volume       = "68",
   pages        = "031105",
}


@ARTICLE{Lemarchand_04,
   author       = "A. Lemarchand and B. Nowakowski",
   year         = "2004",
   journal      = "Mol. Simul.",
   volume       = "30",
   pages        = "773",
}


@BOOK{Prigogine_84,
   author       = {I. Prigogine and I. Stengers},
   year         = 1984,
   title        = {Order out of Chaos: Man's new dialogue with nature},
   publisher    = {Flamingo}
}

@BOOK{Prigogine_97,
   author       = {I. Prigogine},
   year         = 1997,
   title        = {End of Certainty},
   publisher    = {The Free Press}
}

@ARTICLE{Levin_76,
   author       = "S. A. Levin and L. A. Segel",
   year         = "1976",
   journal      = "Nature",
   volume       = "259",
   pages        = "659",
}

@ARTICLE{McKane_05,
   author       = "A. J. McKane and T. J. Newman",
   year         = "2005",
   journal      = "Phys. Rev. Lett.",
   volume       = "94",
   pages        = "218102",
}

@ARTICLE{Kumar_11,
   author       = "N. Kumar and W. Horsthemke",
   year         = "2011",
   journal      = "Phys. Rev. E",
   volume       = "83",
   pages        = "036105",
}

@ARTICLE{Ottinger_09,
   author       = "H. C. Ottinger",
   year         = "2009",
   journal      = "The J. Chem. Phys.",
   volume       = "130",
   pages        = "114904",
}

@ARTICLE{Baras_96,
   author       = "F. Baras and M. M. Mansour",
   year         = "1996",
   journal      = "Phys. Rev. E",
   volume       = "54",
   pages        = "6139",
}

@ARTICLE{Lilley_04,
   author       = "C. R. Lilley and M. N. Macrossan",
   year         = "2004",
   journal      = "Phys. Fluids",
   volume       = "16",
   pages        = "2054",
}

@ARTICLE{Goldsworthy_07,
   author       = "M. J. Goldsworthy and M. N. Macrossan and M. M. Abdel-Jawad",
   year         = "2007",
   journal      = "Phys. Fluids",
   volume       = "19",
   pages        = "116102",
}


@ARTICLE{Vanag_09,
   author       = "V. K. Vanag and I. R. Epstein",
   year         = "2009",
   journal      = "Phys. Chem. Chem. Phys",
   volume       = "11",
   pages        = "897",
}

@ARTICLE{Pearson_93,
   author       = "J. E. Pearson",
   year         = "1993",
   journal      = "Science",
   volume       = "261",
   pages        = "189",
}

@ARTICLE{Dobrinevski_12,
   author       = "A. Dobrinevski and E. Frey",
   year         = "2012",
   journal      = "Phys. Rev. E",
   volume       = "85",
   pages        = "051903",
}

@article{TernaryEquilibriumFluct,
  title={Fluctuating hydrodynamics and concentration fluctuations in ternary mixtures},
  author={Ortiz de Z{\'a}rate, Jos{\'e} M and Hita, Jorge Luis and Sengers, Jan V},
  journal={Comptes Rendus M{\'e}canique},
  year={2013},
  publisher={Elsevier}
}

@article{carballido2013mixed,
  title={Mixed-mode instability of a miscible interface due to coupling between Rayleigh-Taylor and double-diffusive convective modes},
  author={Carballido-Landeira, J and Trevelyan, PMJ and Almarcha, C and De Wit, A},
  journal={Physics of Fluids},
  volume={25},
  pages={024107},
  year={2013}
}
@phdthesis{masquelet2013large,
	Author = {Masquelet, Matthieu Marc},
	Date-Added = {2017-04-10 16:27:18 +0000},
	Date-Modified = {2017-04-10 16:28:44 +0000},
	Rating = {5},
	Read = {1},
	School = {Georgia Institute of Technology},
	Title = {Large-eddy simulations of high-pressure shear coaxial flows relevant for H2/O2 rocket engines},
	Year = {2013}}

@book{poling2001properties,
	Author = {Poling, Bruce E and Prausnitz, John M and O'connell, John P},
	Date-Added = {2017-04-10 15:11:48 +0000},
	Date-Modified = {2017-04-10 15:23:27 +0000},
	Publisher = {Mcgraw-hill New York},
	Rating = {5},
	Title = {The properties of gases and liquids},
	Volume = {5},
	Year = {2001}}

